2765 3661
73 324 81 337 ⁶
119 302 375 383 “2¹:¹⁶
373 308 504 376 dnbio
549 281 891 372 subaudiendum
922 336 1034 381 est,
1037 326 1206 373 ,esse“
1234 341 1321 370 non
1348 330 1515 381 „eunt‘
1497 326 1529 351 “
1557 340 1656 368 nam
1685 336 1786 381 post
1815 342 1966 370 vocem
2003 329 2212 378 „ceteri”
2272 345 2330 373 ex
2388 339 2517 373 ante-

67 398 72 401 *
162 412 421 457 cedentibus
446 400 573 452 laeile
599 410 777 451 verbum
805 407 1029 464 ‚‚dicnnt“
1057 406 1293 462 suppletur.
1339 404 1735 449 Fin.1v.26.73.
1782 408 1931 463 ltaque
1961 407 2137 448 dicebat
2163 407 2249 462 (M.
2269 410 2518 466 Piso)plus

159 492 288 536 &bui
310 485 477 533 divitiis-
501 503 529 531 a
555 489 755 544 Zenone,
783 490 857 544 qui
887 501 966 530 eas
996 487 1038 528 in
1066 487 1325 541 praepositis
1357 492 1550 542 poneret,
1585 498 1711 541 quarn
1740 487 1793 527 ab
1823 487 2071 540 Aristotele,
2101 490 2171 543 qui
2192 488 2348 530 bonurn
2370 502 2468 534 ess
2486 501 2514 534 e

160 570 337 615 divitias
364 568 585 624 fateretur3
614 567 696 610 sed
726 579 866 623 neque
893 578 1097 624 magnum
1128 566 1286 609 bonum
1316 572 1362 608 et
1391 577 1494 623 prae
1542 567 1671 608 rectis
1702 566 1985 623 honestisque
2040 567 2399 612 contemnendum
2456 582 2508 615 ac

160 647 486 706 despiciendum
516 679 528 693 .
560 677 573 691 .
607 676 621 691 .
643 648 735 703 (sc.
766 647 910 700 esse.)
2180 639 2185 645 ’

269 751 394 806 Haec
419 767 563 803 tamen
589 760 728 817 figura
757 774 850 802 cum
880 760 990 803 satis
1018 765 1122 803 nota
1152 760 1209 803 sit
1237 765 1283 802 et
1310 773 1397 802 non
1424 759 1562 803 solum
1591 762 1632 802 in
1663 762 1902 802 enunciatis
1933 775 2074 815 aequa
2132 767 2354 814 potestate
2417 762 2501 805 sed

158 838 294 885 *eliam
322 839 365 882 in
393 838 539 882 formis
569 838 851 893 subjunctivis
880 853 961 881 nec
989 853 1076 881 non
1104 839 1148 880 in
1174 839 1321 883 incisis
1350 840 1469 881 vario
1499 839 1628 881 modo
1654 841 1913 892 compositis
1959 840 2148 881 adhiberi
2205 842 2363 896 soleat,
2425 857 2513 885 non

160 917 456 964 necessarium
486 917 609 961 nobis
637 916 807 961 videtur
830 917 1005 974 longius
1034 917 1146 960 hanc
1175 931 1262 960 rem
1293 917 1508 972 persequi.
1563 917 1634 960 Ad
1662 933 1749 960 rem
1780 919 1905 972 igitur
1931 920 2077 971 ipsam
2107 927 2395 966 transeamus.

275 1014 557 1071 Pervenimus
585 1042 696 1070 nunc
725 1030 780 1071 ad
810 1043 889 1071 eos
917 1030 1052 1083 locos,
1081 1030 1233 1084 quibus
1261 1041 1366 1071 vera
1393 1041 1444 1069 ac
1471 1028 1702 1070 manifesta
1732 1029 1978 1083 agnoscitur
2006 1031 2169 1086 ellipsis
2244 1033 2369 1077 Solet
2424 1050 2510 1081 au-

158 1116 251 1153 tem
278 1108 392 1163 apud
422 1109 671 1151 Ciceronem
698 1110 874 1150 verbum
903 1108 1218 1150 substantivum
1248 1109 1452 1162 supprimi
1478 1109 1550 1149 vel
1580 1109 1722 1162 potius
1750 1110 1936 1165 suppleri
1964 1111 2007 1150 in
2034 1112 2091 1153 iis
2119 1113 2389 1168 potissimum
2440 1118 2509 1160 lo-

163 1189 240 1242 cis,
269 1188 422 1241 quibus
451 1190 545 1230 sine
575 1188 853 1244 ambiguitate
883 1194 928 1228 et
956 1187 1215 1228 obscuritate
1244 1188 1489 1228 sententiae
1518 1193 1593 1228 aut
1622 1187 1803 1242 denique
1841 1191 1935 1229 sine
1992 1192 2193 1233 orationis
2250 1192 2503 1240 detrimento

159 1270 323 1311 abesse
352 1272 515 1321 potest.
572 1265 670 1321 Quo
699 1265 869 1321 quidem
899 1263 1135 1306 omittendo
1165 1265 1291 1308 oritur
1318 1264 1529 1322 quaedam
1558 1266 1720 1308 numeri
1744 1267 2051 1322 verborumque
2081 1268 2312 1327 elegantia,
2369 1274 2503 1331 majos

158 1348 234 1391 vis
262 1354 393 1403 atque
426 1346 616 1403 dignitas
646 1344 871 1401 orationis3
900 1350 1048 1387 eontra
1076 1345 1148 1388 ubi
1173 1351 1343 1401 praeter
1370 1345 1679 1387 necessitatem
1707 1346 1910 1387 insertum
1941 1353 2026 1400 est,
2055 1349 2188 1389 oratio
2240 1350 2509 1413 languescit,

161 1431 211 1471 et
237 1437 439 1469 numerus
468 1424 678 1467 oratorius
707 1424 883 1469 laborat.
940 1423 1117 1467 obtinet
1148 1432 1290 1467 autem
1321 1424 1429 1466 haec
1453 1421 1627 1465 dicendi
1657 1425 1762 1466 ratio
1790 1425 1975 1479 elliptica
2019 1426 2069 1466 in
2113 1428 2182 1469 iis
2246 1435 2516 1476 enuntia-

158 1502 433 1561 «imque
468 1517 564 1548 usu
604 1502 863 1559 loquendi
901 1504 1032 1546 trita
1064 1510 1211 1559 sunt,
1247 1504 1372 1546 sicuti
1408 1504 1459 1545 in
1498 1504 1832 1559 proverbiis,
1873 1503 2121 1559 formulis
2170 1514 2224 1548 et
2289 1510 2340 1551 in
2367 1524 2515 1556 ,ser-

163 1597 338 1640 mone,
396 1585 483 1639 qui
512 1583 879 1641 quotidianum
908 1589 961 1625 et
988 1582 1314 1625 lamiliarem
1342 1582 1573 1637 proxime
1602 1582 1829 1627 accedit.
1885 1583 2123 1637 Propterea
2140 1588 2340 1641 exempla
2387 1590 2515 1646 hujus

163 1666 339 1722 generis
367 1665 409 1706 in
440 1664 544 1705 dial
557 1664 680 1719 ogis
705 1663 970 1716 saepissime
998 1662 1282 1705 inveniemus.
1336 1661 1503 1704 Deinde
1533 1660 1661 1702 abest
1687 1661 1771 1702 hoc
1796 1661 1974 1703 verbum
2004 1662 2052 1702 in
2083 1664 2308 1708 selectis
2336 1668 2516 1712 brevi-

161 1750 365 1799 tasque
402 1742 705 1787 sententiis
735 1739 809 1797 lde
847 1742 967 1783 vita
998 1741 1218 1794 sumtis,
1255 1753 1389 1794 quae
1428 1740 1852 1782 definitionibus
1891 1746 2014 1781 sunt
2046 1744 2371 1789 simillimae.

198 1823 410 1869 ·Afferam
445 1817 660 1874 exempla.
715 1819 781 1860 De
813 1820 907 1864 Fin.
936 1820 1029 1863 Lib.
1058 1821 1089 1864 1.
1119 1820 1163 1874 5,
1195 1819 1265 1861 15.
1318 1818 1411 1861 Sed
1437 1824 1545 1872 quot
1599 1819 1809 1872 homines,
1838 1825 1902 1860 tot
1947 1824 2207 1862 sententiae.
2288 1822 2370 1869 Off.
2399 1827 2431 1871 1.
2470 1829 2514 1882 ς.

159 1904 235 1950 33,
289 1905 358 1946 Ex
386 1913 470 1955 quo
499 1898 616 1939 illud:
646 1911 855 1938 summum
874 1898 952 1952 jus
983 1910 1150 1939 summa
1174 1897 1339 1952 injuria.
1426 1898 1532 1942 Nat.
1560 1897 1614 1941 D.
1643 1897 1674 1952 l,
1703 1893 1750 1954 §.
1771 1898 1847 1941 30.
1905 1897 1970 1938 Ac
2013 1897 2202 1952 primum,
2245 1909 2347 1955 quot
2376 1905 2514 1948 homi.

165 1955 265 2029 num
291 1982 480 2037 linguae,
507 1983 573 2019 tot
601 1977 772 2017 nomina
800 1977 998 2019 Deorum.
1055 1975 1189 2016 Tusc.
1218 1975 1294 2017 lv.
1324 1973 1397 2032 31,
1426 1976 1498 2020 65.
1553 1975 1698 2028 Atque
1755 1975 1838 2015 hoc
1891 1973 2060 2027 quidem
2098 1988 2322 2023 commuue
2377 1983 2516 2026 malo.

165 2075 258 2110 mm
285 2066 331 2104 et
356 2059 575 2101 bonorum.
631 2053 725 2097 Fin.
756 2054 784 2096 Ι.
815 2055 856 2097 6.
883 2054 952 2096 20.
1006 2052 1078 2097 Ne
1106 2052 1206 2095 illud
1233 2053 1406 2108 quidem
1435 2052 1621 2110 physici,
1653 2052 1824 2096 credere
1858 2083 1890 2094 ..
1946 2050 2090 2095 Abest
2133 2062 2278 2101 autem
2334 2062 2514 2107 verbm.

165 2138 346 2202 ’,μηθ’
381 2136 639 2193 saepissime
664 2134 706 2175 in
734 2131 923 2175 formulis
953 2131 1164 2188 ejusmodi
1188 2132 1346 2178 velutiz
1374 2133 1470 2176 Hoc
1499 2131 1613 2188 illud,
1642 2131 1754 2187 quod
1814 2146 1894 2174 nec
1951 2131 2095 2176 mirum
2156 2139 2387 2182 —minime
2428 2141 2515 2184 rni-

175 2233 332 2268 mm—
360 2215 516 2260 deinde
544 2214 585 2256 in
605 2211 797 2257 formulis
826 2211 955 2253 nihil
991 2211 1092 2254 nisi
1119 2211 1254 2253 veluti
1295 2211 1397 2253 Nat.
1417 2212 1469 2256 D.
1498 2211 1524 2253 l.
1550 2206 1584 2268 ς
1642 2210 1708 2254 70.
1737 2210 1848 2254 Nihil
1879 2213 2024 2253 horum
2055 2213 2137 2255 nisi
2181 2218 2344 2261 callide.
2405 2221 2511 2263 Alia

164 2299 212 2345 id
238 2309 380 2358 genus
407 2293 604 2348 exempla
630 2291 739 2333 haec
769 2295 884 2334 sunt.
939 2288 1043 2331 nlud
1074 2291 1294 2346 egregium
1323 2288 1463 2332 Sextii
1487 2304 1544 2333 ex
1572 2296 1786 2345 tempore:
1816 2303 1970 2332 marius
1999 2290 2097 2332 lava
2126 2295 2261 2349 inquit
2283 2305 2327 2339 et
2355 2312 2507 2343 coena.

172 2380 265 2427 Nu
306 2376 361 2420 D.
391 2373 424 2415 Ι.
453 2371 520 2414 10.
549 2369 619 2414 25.
674 2369 820 2422 Atque
848 2368 956 2409 haec
984 2365 1154 2422 quidem
1200 2374 1351 2411 vestra
1407 2368 1555 2415 Lucili.
1610 2368 1711 2414 ibid.
1783 2370 1816 2414 1.
1875 2368 1941 2412 11.
1999 2368 2071 2411 28.
2122 2374 2257 2417 multa
2315 2376 2517 2432 ejusden

171 2459 364 2503 monstra
393 2480 406 2493 .
433 2479 446 2495 .
475 2479 488 2494 .
518 2448 756 2500 eademque
784 2446 840 2486 de
869 2446 1096 2501 sideribus,
1124 2458 1199 2501 pro
1220 2446 1362 2491 Plane.
1390 2446 1461 2490 35.
1489 2446 1560 2491 86.
1589 2445 1671 2489 sed
1699 2446 1808 2488 haec
1835 2446 2010 2499 leviora,
2040 2447 2108 2488 illa
2138 2463 2241 2493 vero
2264 2458 2414 2509 gravia
2444 2463 2516 2500 gt.

164 2546 254 2592 qne
280 2541 453 2587 magna.
506 2528 636 2568 Tusc.
664 2525 719 2567 V.
748 2526 789 2577 9,
818 2524 886 2567 26.
943 2524 1187 2579 Philosophi
1215 2523 1257 2564 id
1288 2524 1459 2579 quidem
1516 2525 1613 2571 sed.
1669 2522 1754 2568 off.
1784 2526 1812 2567 l.
1843 2526 1914 2578 42,
1945 2524 2039 2569 150.
2136 2527 2377 2577 Jlliberales
2432 2547 2517 2578 an.-

158 2619 259 2666 ,ςρηι
286 2615 332 2653 et
361 2605 521 2649 sordidi
550 2608 759 2660 quaestus
788 2602 1135 2644 mercenariorum
1170 2603 1453 2658 omniumque.
1508 2604 1640 2649 Tusc.
1667 2604 1717 2645 11.
1747 2604 1818 2659 20,
1853 2603 1922 2647 86.
1994 2603 2142 2658 Atque
2198 2614 2247 2652 ut
2300 2612 2411 2657 haec
2458 2612 2519 2658 d,

172 2692 359 2735 honesto
389 2686 454 2727 sie
482 2682 537 2724 de
567 2683 677 2737 turpi
734 2681 958 2726 contraria.
1012 2679 1097 2724 off.
1125 2681 1158 2723 1.
1183 2682 1230 2733 Β.
1254 2679 1315 2724 33
1361 2688 1470 2726 extr.
1525 2682 1672 2738 Pyrrhi
1704 2682 1871 2736 quidem
1930 2680 1985 2723 de
2042 2685 2224 2738 captivis
2282 2690 2516 2735 reddendis

170 2768 246 2814 illa>
267 2763 494 2824 praeclara.
548 2759 652 2801 ibid.
680 2760 745 2800 ln.
774 2772 813 2803 s.
841 2759 910 2801 47.
968 2758 1041 2799 llla
1071 2759 1297 2814 praeclara,
1342 2748 1401 2801 in*
1434 2759 1589 2816 quibus
1664 2762 1793 2804 Tusc.
1823 2762 1857 2804 1.
1910 2773 1951 2805 s.
2017 2760 2087 2806 61.
2169 2766 2202 2807 A
2213 2766 2415 2814 bsurdum
2472 2772 2517 2816 id

174 2843 344 2903 quidem
370 2839 473 2886 ibid.
498 2839 533 2882 1.
597 2838 669 2883 30.
696 2838 773 2881 74.
828 2835 922 2879 Sed
949 2836 1061 2878 haee
1089 2843 1134 2879 et
1159 2843 1310 2880 vetera
1341 2844 1389 2880 et
1413 2851 1443 2880 a
1471 2838 1668 2884 Graecis.
1724 2840 1828 2883 Nat.
1858 2839 1911 2886 D.
1939 2840 1993 2884 111.
2019 2840 2091 2885 32.
2119 2841 2178 2886 80
2201 2846 2286 2889 scd
2324 2849 2434 2894 haec
2472 2859 2521 2896 et.

174 2931 327 2969 vetera
351 2918 500 2964 οὔδει
527 2918 746 2972 permulta.
801 2918 931 2961 Tusc.
959 2916 986 2957 1.
1013 2917 1084 2972 44,
1116 2918 1209 2960 107.
1247 2916 1394 2959 durum
1422 2918 1505 2960 hoc
1532 2930 1664 2961 sane:
1692 2919 1762 2960 illa
1790 2918 1944 2961 inania.
2001 2919 2116 2962 Jllud
2154 2936 2257 2966 vero
2315 2943 2516 2983 perquam

173 3005 317 3047 inune.
372 2995 456 3041 Off.
488 2996 514 3039 l.
543 2996 587 3047 §-
615 2997 685 3038 41.
798 2993 922 3038 ,sed
950 2993 1068 3035 fraus
1097 2993 1194 3035 odio
1226 2993 1358 3051 digna
1384 2994 1564 3051 majore.
1620 2995 1772 3038 Totius
1804 3001 1947 3038 autem
1976 2995 2217 3052 injustitiae
2275 3007 2387 3049 nulla
2444 3022 2522 3050 ca-

174 3079 353 3138 pitelior.
406 3072 492 3118 Off.
518 3073 547 3115 l.
573 3085 633 3117 s.
626 3071 713 3115 37
754 3022 925 3116 ‘Status
956 3071 1050 3113 dies
1079 3085 1174 3114 eum
1203 3073 1348 3127 hoste,
1405 3073 1619 3117 adversus
1683 3073 1856 3116 hostem
1914 3082 2088 3117 aeterna
2145 3085 2376 3129 auctoritas
2435 3092 2524 3136 (se

177 3155 301 3212 esto)
354 3152 452 3198 Fin.
477 3151 519 3203 ll.
542 3151 614 3195 26.
644 3150 715 3196 82.
774 3149 863 3194 Scd
889 3150 1001 3194 haec
1028 3149 1129 3193 nihil
1158 3163 1266 3194 sane
1297 3148 1354 3194 ad
1379 3165 1485 3194 rem.
1537 3150 1634 3196 lun.
1661 3151 1715 3195 lll.
1736 3152 1777 3197 2.
1804 3152 1847 3196 5.
1874 3165 1952 3196 exe
2007 3155 2150 3207 Atque
2198 3160 2307 3202 haee
2350 3166 2524 3218 quidem

98 3261 102 3264 ·
179 3236 236 3280 de
269 3245 409 3278 rerum
434 3229 675 3274 nominibus
694 3231 789 3281 -.(sc
819 3230 973 3279 sunto)
1031 3228 1125 3274 Fin.
1155 3227 1226 3274 lv.
1255 3230 1339 3273 614
1367 3243 1429 3284 pr.
1485 3228 1577 3273 Sed
1635 3230 1743 3272 hace
1800 3231 2025 3274 hactenus.
2083 3234 2313 3284 cf.1..1v
2343 3244 2412 3287 28
2468 3246 2527 3288 80

180 3313 243 3359 V.
258 3312 340 3370 22.
367 3310 436 3354 62.
463 3321 526 3364 pr.
583 3306 676 3350 Sed
704 3306 813 3350 haee
840 3307 883 3348 in
916 3306 1075 3363 pueris.
1143 3306 1245 3352 ibid.
1271 3306 1330 3352 V.
1357 3307 1429 3351 32.
1455 3306 1526 3350 96.
1556 3307 1649 3351 Sed
1684 3310 1923 3351 mehercule
1980 3319 2179 3366 pergrata
2235 3319 2338 3361 mihi
2394 3325 2528 3366 oratio

182 3396 271 3446 (ιο.
300 3387 419 3442 fuit.)
473 3386 533 3432 N.
560 3385 622 3431 D.
649 3386 690 3428 u.
717 3385 788 3430 45.
819 3385 915 3429 115.
971 3386 1068 3430 Nec
1123 3398 1228 3429 vero
1269 3386 1381 3428 haee
1407 3385 1546 3429 solum
1605 3387 1877 3443 admirabilia,
1933 3389 2015 3431 sed
2043 3391 2142 3431 nihil
2187 3395 2343 3457 majus,
2400 3413 2528 3457 qum

1754 3483 1781 3499 N
